% This file was created with Citavi 6.8.0.0

@book{Abeyaratne.1987,
 author = {Abeyaratne, Rohan},
 year = {1987},
 title = {Lecture Notes on The Mechanics of Elastic Solids: Volume I: A Brief Review of Some Mathematical Preliminaries},
 address = {Cambridge},
 file = {Abeyaratne 1987 - Lecture Notes on The Mechanics:D\:\\OneDrive - Griffith University\\2 Projects\\VC\\6 Citavi\\Citavi Attachments\\Abeyaratne 1987 - Lecture Notes on The Mechanics.pdf:pdf}
}


@article{Aboustit.1985,
 author = {Aboustit, B. L. and Advani, S. H. and Lee, J. K.},
 year = {1985},
 title = {Variational principles and finite element simulations for thermo-elastic consolidation},
 pages = {49--69},
 volume = {9},
 number = {1},
 issn = {0363-9061},
 journal = {International Journal for Numerical and Analytical Methods in Geomechanics},
 doi = {10.1002/nag.1610090105},
 file = {Aboustit, Advani et al. 1985 - Variational principles and finite element:D\:\\OneDrive - Griffith University\\2 Projects\\VC\\6 Citavi\\Citavi Attachments\\Aboustit, Advani et al. 1985 - Variational principles and finite element.pdf:pdf}
}


@proceedings{Brebbia.1972,
 year = {1973},
 title = {Variational methods in engineering: Proceedings on an international conference held at the University of Southampton, 25th September, 1972},
 address = {Southampton},
 publisher = {{Southampton University Press}},
 isbn = {0854321055},
 editor = {Brebbia, C. A. and Tottenham, H.}
}


@incollection{dellIsola.2011b,
 author = {dell'Isola, Francesco and Placidi, Luca},
 title = {Variational principles are a powerful tool also for formulating field theories},
 pages = {1--15},
 volume = {535},
 publisher = {Springer},
 isbn = {978-3-7091-0982-3},
 series = {CISM courses and lectures},
 editor = {Dell'Isola, Francesco and Gavrilyuk, Sergey},
 booktitle = {Variational models and methods in solid and fluid mechanics},
 year = {2011},
 address = {Vienna},
 doi = {10.1007/978-3-7091-0983-0{\textunderscore }1},
 file = {dell’Isola, Placidi 2012 - Variational principles are a powerful:D\:\\OneDrive - Griffith University\\2 Projects\\VC\\6 Citavi\\Citavi Attachments\\dell’Isola, Placidi 2012 - Variational principles are a powerful.pdf:pdf}
}



@misc{Deserno.2012,
 author = {Deserno, Markus},
 year = {2012},
 title = {Legendre transforms},
 file = {Deserno 2012 - Legendre transforms:D\:\\OneDrive - Griffith University\\2 Projects\\VC\\6 Citavi\\Citavi Attachments\\Deserno 2012 - Legendre transforms.pdf:pdf}
}
